@eabook{bk-bianxueqimeng,
  hanzi = {辯學啓蒙},
  pinyin = {Biànxué Qǐméng},
  notone = {Bianxue Qimeng},
  gloss = {Primer in the Study of Disputation},
  description = {translation by \pno{aiyuese} of the volume \textit{Logic} by  W.~S.~Jevons in the series \textit{Science Primers}, published in China in 1886,  later re-translated by \pn{yanfu} as \bk{mingxueqianshuo}},
}

@eabook{bk-daqu,
  hanzi = {大取},
  pinyin = {Dàqǔ},
  notone = {Daqu},
  gloss = {Great Pick},
  description = {chapter 44 of the \bk{mozi} and part of the \bk{mobian}, also translated as \qt{Major Illustrations}},
}

@eabook{bk-jingshang,
  hanzi = {經上},
  pinyin = {Jīngshàng},
  notone = {Jingshang},
  gloss = {Canons A},
  description = {chapter 40 of the \bk{mozi} and part of the \bk{mojing}, notable for its precise and concise definition-like statements},
}

@eabook{bk-jingshuoshang,
  hanzi = {經說上},
  pinyin = {Jīngshuōshàng},
  notone = {Jing\-shuo\-shang},
  gloss = {Explanations of the Canons A},
  description = {chapter 42 of the \bk{mozi} and part of the \bk{mojing}, consisting of explanations of the \bk{jingshang}},
}

@eabook{bk-jingshuoxia,
  hanzi = {經說下},
  pinyin = {Jīngshuōxià},
  notone = {Jingshuoxia},
  gloss = {Explanations of the Canons B},
  description = {chapter 43 of the \bk{mozi} and part of the \bk{mojing}, consisting of explanations of the \bk{jingxia}},
}

@eabook{bk-jingxia,
  hanzi = {經下},
  pinyin = {Jīngxià},
  notone = {Jingxia},
  gloss = {Canons B},
  description = {chapter 41 of the \bk{mozi} and part of the \bk{mojing}, notable for its clear formulation of technical concepts and claims},
}

@eabook{bk-mingxueqianshuo,
  hanzi = {名學淺說},
  pinyin = {Míngxué Qiǎnshuō},
  notone = {Mingxue Qianshuo},
  gloss = {Introduction to the Study of Names},
  description = {translation by \pn{yanfu} of the logic textbook  by W.~S.~Jevons, previously translated as \bk{bianxueqimeng}},
}

@eabook{bk-mobian,
  hanzi = {墨辯},
  pinyin = {Mòbiàn},
  notone = {Mobian},
  gloss = {Dialetical Chapters of the {\it Mozi}},
  description = {the six chapters of the \bk{mozi} that concern the most abstract theoretic thought of the \tme{mojia}: the four chapters of the \bk{mojing} together with the \bk{daqu} and \bk{xiaoqu}},
}

@eabook{bk-mojing,
  hanzi = {墨經},
  pinyin = {Mòjīng},
  notone = {Mojing},
  gloss = {Mohist Canons},
  description = {the four chapters of the \bk{mozi} containing a definition-like systematisation of \tme{mojia} thought: \bk{jingshang},  \bk{jingxia},  \bk{jingshuoshang},  and \bk{jingshuoxia}\semicolon\  Chinese scholars also include in this list the remaining two chapters of the \bk{mobian}},
}

@eabook{bk-mozi,
  hanzi = {墨子},
  pinyin = {Mòzǐ},
  notone = {Mozi},
  gloss = {Works of Mo Zi},
  description = {collection of the \tme{mojia} school, now in 53 chapters, including a record of the thoughts of \pn{mozi} himself and the Later \tme{mojia} \bk{mobian}},
}

@eabook{bk-mulemingxue,
  hanzi = {穆勒名學},
  pinyin = {Mùlè Míngxué},
  notone = {Mule Mingxue},
  gloss = {A System of Logic},
  description = {translation by \pn{yanfu} of \textit{A System of Logic} by John Stuart Mill, published by Shangwu Yinshuguan in 1905},
}

@eabook{bk-xiaoqu,
  hanzi = {小取},
  pinyin = {Xiǎoqǔ},
  notone = {Xiaoqu},
  gloss = {Small Pick},
  other = {Hsiao-ch'ü},
  othernotone = {Hsiao-chu},
  description = {chapter 45 of the \bk{mobian}, containing a general discussion of logical themes and many examples of reasoning patterns, also translated as \qt{Minor Illustrations}},
}

@eabook{bk-xunzi,
  hanzi = {荀子},
  pinyin = {Xúnzi},
  notone = {Xunzi},
  gloss = {Works of Xun Zi},
  other = {Hsün-tzu},
  othernotone = {Hsun-tsu},
  description = {\tme{rujia} text compiled in approx. 250 \bce and attributed to the scholar \pn{xunzi}, who developed the theory of \tm{zhengming}},
}

