@person{aiyuese,
  hanzi = {艾約瑟},
  pinyin = {Ài Yuēsè},
  notone = {Ai Yuese},
  other = {Joseph Edkins},
  othernotone = {Joseph Edkins},
  description = {1823-1905, British protestant missionary who lived in China for over 50 years, a philologist, author and translator of many books, including \bk{bianxueqimeng}},
  index = {Edkins Joseph},
}

@person{kongzi,
  hanzi = {孔子},
  pinyin = {Kǒng Zī},
  notone = {Kong Zi},
  other = {Confucius},
  othernotone = {Confucius},
  wadegiles = {Kong Tzu},
  description = {551-479 \bce,  founding figure of Chinese philosophy and iconic teacher whose main concerns were social and ethical,  but whose doctrine of \tm{zhengming} is taken as the starting point for discussions of the relationship between language and reality},
  index = {Kong Zi},
}

@person{mengzi,
  hanzi = {孟子},
  pinyin = {Mèng Zǐ},
  notone = {Meng Zi},
  other = {Mencius},
  othernotone = {Mencius},
  wadegiles = {Meng Tzu},
  description = {372 – 289 \bce,  \tme{rujia} philosopher whose ideas are recorded in the \bk{mengzi}\semicolon\ he used the \tme{mojia}s methods of reasoning to oppose them},
  index = {Meng Zi},
}

@person{pnmozi,
  hanzi = {墨子},
  pinyin = {Mò Zǐ},
  notone = {Mo Zi},
  wadegiles = {Mo Tzu},
  description = {c. 470 - c. 391 \bce,   philosopher who defended his political and ethical ideas with reason and argument (uncharacteristic of the period),  which lead to the development of \qt{\tme{mojia} logic} by his followers},
  index = {Mo Zi},
}

@person{xunzi,
  hanzi = {荀子},
  pinyin = {Xún Zi},
  notone = {Xun Zi},
  wadegiles = {Hsün Tzu},
  description = {ca. 312–230 \bce,  \tme{rujia} philosopher and head of the {\it Jìxià} 稷下 Academy, who used some of the concepts and methods of reasoning of the \tme{mojia}s and whose essay on \tm{zhengming} is an important contribution to \tm{mingxue}},
  index = {Xun Zi},
}

@person{yanfu,
  hanzi = {嚴複},
  pinyin = {Yán Fù},
  notone = {Yan Fu},
  description = {1854-1921, scholar and translator of western books, include \bk{mulemingxue} and \bk{mingxueqianshuo}},
  index = {Yan Fu},
}

