@person{n1,
  kanji = {kanji},
  furi  = {furi},
  romaji = "First Second",
}

@person{n2,
  kanji = {n2kanji},
  furi  = {n2furi},
  romaji = "n2first n2second"
}

@book{b1,
  author = {n1},
  title  = {A great\cite{n2} book},
}
