
@Book{dongzt1998,
	Author = {Zhìtiě \mbox{董志铁} Dǒng},
	Publisher = {Zhongguo Guangbo Dianshi Chubanshe},
	Address = {Beijing},
	Title = {Míngbiàn Yìshù yǔ Sīwéi Luójí 《名辩艺术与思维逻辑》(The Art of Mingbian and the Logic of Thinking)},
	Year = {1998}}
	
	
@Article{dongzt2010,
	Author = {Zhìtiě {董志铁} Dǒng},
	Journal = {Guizhou Bijie Xueyuan Xuebao 贵州毕节学院学报},
	Volume = {7},
	Title = {Tuīlèide Gòuchéng、Běnzhì yǔ Zuòyòng \cqt{推类}的构成、本质与作用 (The Composition, Essence and Function of \qt{\tme{tuilei}}},
	Year = {2010}}

